% This file was created with JabRef 2.4.
% Encoding: Cp1252
@InProceedings{a:novel,
author = {Jiaul H. Paik},
title = {A Novel TF-IDF Weighting Scheme for Effective Ranking},
booktitle = {Proceeding SIGIR '13 Proceedings of the 36th international ACM SIGIR conference on Research and development in information retrieval},
OPTpages = {343-352 },
year = {2013},
OPTpublisher = {ACM New York, NY, USA}
}

@InProceedings{a:ck,
author = {Masaru Ohba; Katsuhiko Gondow},
title = {Toward Mining “Concept Keywords” from Identifiers in Large Software Projects},
booktitle = {Proceeding MSR '05 Proceedings of the 2005 international workshop on Mining software repositories},
OPTpages = {1-5},
year = {2005},
OPTpublisher = {ACM New York, NY, USA}
}
@InProceedings{a:ont,
author = {Sonal Jain; Jyoti Pareek},
title = {Automatic Topic(s) Identification from Learning material: An Ontological Approach},
booktitle = {Second International Conference on Computer Engineering and Applications},
OPTpages = {358 - 362},
year = {2010},
OPTvolume = {2},
OPTpublisher = {IEEE Computer Society}
}
@InProceedings{a:ont2,
author = {Mostafa M. Hassan; Fakhri Karray; Mohamed S. Kamel},
title = {Automatic document topic identification using Wikipedia Hierarchical Ontology},
booktitle = {The 11th International Conference on Information Sciences, Signal Processing and their Applications},
OPTpages = {237 - 242},
year = {2012},
OPTpublisher = {IEEE}
}
@InProceedings{a:arabic,
author = {Kheireddine Abainia; Siham Ouamour; Halim Sayoud},
title = {Topic Identification of Noisy Arabic Texts Using Graph Approaches},
booktitle = {26th International Workshop on Database and Expert Systems Applications (DEXA)},
OPTpages = {254 - 258},
OPTyear = {2015},
OPTpublisher = {IEEE}
}
@InProceedings{a:wiki,
author = {K. Coursey and R. Mihalcea},
title = {Topic Identification Using Wikipedia 
Graph Centrality},
booktitle = {Proceedings of NAACL HLT'2009, Boulder, Colorado},
OPTpages = {117-120},
OPTyear = {2009},
OPTorganization = {UNiversity of Colorado at Boulder}
}


@InProceedings{a:inter,
author = {Klamer Schutte; Henri Bouma; John Schavemaker; Laura Daniele; Maya Sappelli; Gijs Koot; Pieter Eendebak; George Azzopardi; Martijn Spitters; Maaike de Boer; Maarten Kruithof; Paul Brandt},
title = {Interactive detection of incrementally learned concepts in images 
with ranking and semantic query interpretation},
booktitle = {13th International Workshop on Content-Based Multimedia Indexing (CBMI)},
OPTpages = {1-4},
OPTyear = {2015},
OPTpublisher = {IEEE}
}
@InProceedings{a:rcnn,
author = {Ross Girshick; Jeff Donahue; Trevor Darrell and Jitendra Malik},
title = {Rich feature hierarchies for accurate object detection and semantic segmentation},
booktitle = {IEEE Conference on Computer Vision and Pattern Recognition},
OPTpages = {580 - 587},
OPTyear = {2014},
OPTpublisher = {IEEE}
}
@InProceedings{a:online,
author = {Foteini Markatopoulou; Vasileios Mezaris; Ioannis Patras},
title = {Online multi-task learning for semantic concept detection in video},
booktitle = {IEEE International Conference on Image Processing (ICIP)},
OPTpages = {186 - 190},
OPTyear = {2016},
OPTpublisher = {IEEE}
}

@InProceedings{a:ella,
author = {E. Eaton and P. L. Ruvolo},
title = {Ella: An efficient lifelong learning algorithm},
booktitle = {inProc. of the 30th Int. Conf. on Machine Learning
(ICML-13)},
OPTpages = {507–515},
OPTyear = {2013},
OPTvolume = {28},
OPTorganization = {JMLR Workshop}
}
@Inbook{a:Huang2008,
author="Huang, Fang",
editor="Fuhr, Norbert
and Kamps, Jaap
and Lalmas, Mounia
and Trotman, Andrew",
title="Using Language Models and Topic Models for XML Retrieval",
bookTitle="Focused Access to XML Documents: 6th International Workshop of the Initiative for the Evaluation of XML Retrieval, INEX 2007 Dagstuhl Castle, Germany, December 17-19, 2007. Selected Papers",
year="2008",
publisher="Springer Berlin Heidelberg",
address="Berlin, Heidelberg",
pages="94--102",
isbn="978-3-540-85902-4",
doi="10.1007/978-3-540-85902-4_8",
url="http://dx.doi.org/10.1007/978-3-540-85902-4_8"
}
@Article{a:b,
author = {David Newman1, Padhraic Smyth1, Mark Steyvers2},
title = {Scalable Parallel Topic Models },
journal = {Journal of Intelligence Community Research and Development},
year = {2006}
}
@Article{a:Daud2010,
author="Daud, Ali
and Li, Juanzi
and Zhou, Lizhu
and Muhammad, Faqir",
title="Knowledge discovery through directed probabilistic topic models: a survey",
journal="Frontiers of Computer Science in China",
year="2010",
volume="4",
number="2",
pages="280--301",
issn="1673-7466",
doi="10.1007/s11704-009-0062-y",
url="http://dx.doi.org/10.1007/s11704-009-0062-y"
}
@InProceedings{a:tfidf,
author = {Clementty Salton},
title = {On the construction of effective vocabularies for information retrieval[C]},
booktitle = {Proceedings of the 1973 Meeting on Programming Languages and Information Retrieval},
OPTpages = {pp. 11},
OPTyear = {1973}
}
@Book{a:IBM,
ALTauthor = {Chris Eaton, Tom Deutsch, Dirk Deroos, Georges Lapis, Paul Zikopoulos},
title = {Understanding Big Data Analytics for Enterprose Class Hadoop and Streaming Data},
publisher = {McGraw Hill},
year = {2012}
}
@Book{a:def1,
ALTauthor = {Edd Dumbil},
title = {An introduction to the big data landscape},
publisher = {O'Reilly},
year = {2012}
}
@online{a:gartner,
title = {Gartner IT Glossary},
url = {http://www.gartner.com/it-glossary/?s=Big+Data},
OPTnote = {visited on 20.12.2016 }
}
@Book{a:veracity,
ALTauthor = {Dave Jewell et al.},
title = {Performance and Capacity Implications for Big Data},
publisher = {IBM Red Paper},
year = {2014},
OPTmonth = {Jan.}
}
@online{a:SvmSlides,
 author = {Moore, Andrew W.},
 title = {Support Vector Machines },
 year = {2001},
 url = {http://www.autonlab.org/tutorials/svm15.pdf},
 date = {23},
 month = {Nov}
 }
@online{a:Amazon,
 author = {Amazon Team},
 title = {What is Streaming Data?},
 year = {2017},
 url = {https://aws.amazon.com/streaming-data/},
 date = {14},
 month = {Jan}
 } 
 @online{a:Akidu,
 author = {Tyler Akidau},
 title = {The world beyond batch: Streaming 101},
 year = {2015},
 url = {https://www.oreilly.com/ideas/the-world-beyond-batch-streaming-101},
 date = {5},
 month = {Aug}
 } 
  @online{a:Spark3,
 author = {Spark Programming Guide},
 title = {viewed on:},
 year = {2017},
 url = {http://spark.apache.org/docs/latest/programming-guide.html#resilient-distributed-datasets-rdds},
 date = {17},
 month = {01}
 } 
 @Book{a:Nello:Svm,
 author = {Cristianini, Nello and Shawe-Taylor, John},
 editor = {Cambridge University Press},
 title = {An Introduction to Support Vector Machines and Other Kernel-based Learning Methods},
 publisher = {The Press Syndicate at the University of Cambridge},
 year = {2000},
 series = {0070428077},
 month = {March}
 }
 

 @Book{a:Tom:MachineLearning,
 author = {Mitchell, Tom M.},
 editor = {Book News, Inc. },
 title = {Machine Learning},
 publisher = {McGraw-Hill Science / Engineering / Math},
 year = { 1997},
 series = {0070428077},
 month = {March}
 }
 @Book{a:BigData,
 author = {Judith Hurwitz, Alan Nugent, Fern Halper, Marcia Kaufman},
 editor = { Nicole Sholly },
 title = {Big Data For Dummies},
 publisher = {John Wiley and Sons, Inc.},
 year = { 2013},
 series = { 9781118504222},
 month = {April }
 }
 @Book{a:Spark1,
 author = {Holden Karau, Andy Konwinski, Patrick Wendell, Matei Zaharia},
 editor = {Ann Spencer and Marie Beaugureau},
 title = {Learning Spark Lightning-Fast Big Data Analysis},
 publisher = {O'Reilly Media},
 year = { 2015},
 series = {9781449358624},
 month = {January}
 }
 @Book{a:Spark2,
 author = {Sandy Ryza, Uri Laserson, Sean Owen, Josh Wills},
 editor = {Marie Beaugureau},
 title = {Advanced Analytics with Spark Patterns for learning from Data at scale},
 publisher = {O'Reilly Media},
 year = { 2015},
 series = { 978-1-491-91276-8},
 month = {April}
 }
@Article{a:NLP,
author = {Chowdhury, G. },
title = {Natural language processing},
journal = { Annual Review of Information Science and Technology},
year = {2003},
OPTvolume = {37},
OPTpages = {51-89}
}
@Book{a:Flink,
 author = { Sameer Wadkar, Hari Rajaram},
 editor = {Manning Publications},
 title = {Flink in Action},
 publisher = {Manning Publications},
 year = { 2016},
 series = { 978-1617293924},
 month = {September }
 }
@InProceedings{a:online,
author = {Foteini Markatopoulou; Vasileios Mezaris; Ioannis Patras},
title = {Online multi-task learning for semantic concept detection in video},
booktitle = {IEEE International Conference on Image Processing (ICIP)},
OPTpages = {186 - 190},
OPTyear = {2016},
OPTpublisher = {IEEE}
}
 
@Book{a:ML,
 author = { Aur\'{e}lien G\'{e}}ron},
 editor = {Nicole Tache},
 title = {Hands on Machine Learning with Scikit-Learn and Tensorflow},
 publisher = { O’Reilly Media, Inc.},
 year = { 2016},
 series = { 978-1-491-96222-0},
 month = {Oct }
 }

@online{a:udos,
author = {K. Gondow},
title = {Homepage for an educational operating system udos},
url = {http://www.sde.cs.titech.ac.jp/~gondow/udos/}
}
@InProceedings{a:colt,
author = {BOSER, Bernhard E., Isabelle M. GUYON, and Vladimir N. VAPNIK},
title = {A training algorithm for optimal margin classifiers},
booktitle = {COLT 92: Proceedings of the Fifth Annual Workshop on Computational Learning Theory},
OPTpages = {144–152},
OPTyear = {1992},
OPTeditor = {ACM Press}
}
@Article{a:colt92,
author = {Rudi Studer, Richard Benjamins, and Dieter Fensel},
title = {Knowledge engineering: Principles and methods},
journal = {Data and Knowledge Engineering},
year = {1989},
OPTvolume = {25},
OPTpages = {161–198},
OPTmonth = {March}
}
@manual{a:tdtmetric,
author = {NIST},
title = {The 2004 Topic Detection and Tracking (TDT2004) Task Definition and Evaluation Plan},
year = {2004},
OPTurl = {http://www.itl.nist.gov/iad/mig/tests/tdt/2004/TDT04.Eval.Plan.v1.2.compare.1.1c.pdf}
}
@inproceedings{a:yangcomp,
 author = {Yang, Yiming and Pedersen, Jan O.},
 title = {A Comparative Study on Feature Selection in Text Categorization},
 booktitle = {Proceedings of the Fourteenth International Conference on Machine Learning},
 series = {ICML '97},
 year = {1997},
 isbn = {1-55860-486-3},
 pages = {412--420},
 numpages = {9},
 url = {http://dl.acm.org/citation.cfm?id=645526.657137},
 acmid = {657137},
 publisher = {Morgan Kaufmann Publishers Inc.},
 address = {San Francisco, CA, USA}
} 
@book{a:vsm,
 author = {Salton, G.},
 title = {The SMART Retrieval System---Experiments in Automatic Document Processing},
 year = {1971},
 publisher = {Prentice-Hall, Inc.},
 address = {Upper Saddle River, NJ, USA}
} 
 @Article{a:labelprop,
 author = {Usha Nandini Raghavan, R\'{e}ka Albert and Soundar Kumara},
 title = {Near linear time algorithm to detect community structures in large-scale networks},
 journal = {Phys. Rev. E 76},
 year = {2007},
 OPTmonth = {Sep}
 }

 @online{a:kmeansExple,
 author = {Victor Lavrenko and Charles Sutton},
 title = {Kmeans Clustering},
 year = {2011},
 url = {http://www.inf.ed.ac.uk/teaching/courses/iaml/2011/slides/kmeans.pdf}
 }
 @INPROCEEDINGS{a:comm, 
author={A. Lakhdari and A. Chorana and H. Cherroun and A. Rezgui}, 
booktitle={2016 IEEE International Conferences on Big Data and Cloud Computing (BDCloud), Social Computing and Networking (SocialCom), Sustainable Computing and Communications (SustainCom) (BDCloud-SocialCom-SustainCom)}, 
title={A Link Strength Based Label Propagation Algorithm for Community Detection}, 
year={2016}, 
pages={362-369}, 
keywords={algorithm theory;pattern recognition;LS-LPA;community detection;fast algorithm;frequent label;link strength based label propagation algorithm;link strength-based LPA;maximal labels;multistep neighbors;Attenuation;Big data;Computational efficiency;Social network services;Stability analysis;Sun;Taxonomy;Community detection;K-neighborhood;LPA;Social networks}, 
doi={10.1109/BDCloud-SocialCom-SustainCom.2016.61}, 
month={Oct}}
 